% ....názov súboru je: literatura.bib
% kniha
@book{Coplien:MPD,
	author = "Kimberly Hieftje",
	title = "Electronic media-based health interventions promoting behavior change in youth: A systematic review",
	publisher = "JAMA Pediatr",
	year = 2013
}

@misc{bworld,
  author = {Pamela Hurst-Della Pietra, MD, Founder and President of the Institute of Digital Media and Child Development},
  title = {{Games for Health research}},
  howpublished = "\url{https://www.childrenandscreens.com/}",
  year = {2013}, 
  note = "[Online; accessed -2008]"
}
% zdroj na webe
@misc{PLP-Framework,
	author = "Entertainment Software Association",
	title = "Essential Facts About he Computer and Video Game Industry --2014",
	howpublished = "\url{http://www.theesa.com/wp-content/uploads/2014/10/ESA_EF_2014.pdf/}",
}
%obrazok
@INPROCEEDINGS{7067095,  
author={de Vasconcellos, Marcelo Simao and de Araujo, Inesita Soares},  
booktitle={2014 IEEE 3nd International Conference on Serious Games and Applications for Health (SeGAH)},   
title={Video games and participation in health - How online games can foster population’s participation in public health policies},   
year={2014},  
volume={},  number={},  pages={1-8},  doi={10.1109/SeGAH.2014.7067095}}

@INPROCEEDINGS{6662126,
  author={Norouzi-Gheidari, Nahid and Levin, Mindy F. and Fung, Joyce and Archambault, Philippe},
  booktitle={2013 International Conference on Virtual Rehabilitation (ICVR)}, 
  title={Interactive virtual reality game-based rehabilitation for stroke patients}, 
  year={2013},
  volume={},
  number={},
  pages={220-221},
  doi={10.1109/ICVR.2013.6662126}}

@INPROCEEDINGS{5962085,
  author={Scarle, Simon and Dunwell, Ian and Bashford-Rogers, Thomas and Selmanovic, Elmedin and Debattista, Kurt and Chalmers, Alan and Powell, John and Robertson, Wendy},
  booktitle={2011 Third International Conference on Games and Virtual Worlds for Serious Applications}, 
  title={Complete Motion Control of a Serious Game against Obesity in Children}, 
  year={2011},
  volume={},
  number={},
  pages={178-179},
  doi={10.1109/VS-GAMES.2011.48}}
